%---------------------------------------------------------------------------%
%-                                                                         -%
%-                             Bibliography                                -%
%-                                                                         -%
%---------------------------------------------------------------------------%
@book{wikibook2014latex,
    title={http://en.wikibooks.org/wiki/LaTeX},
    author={Wikibook},
    year={2014},
    publisher={Online Resources}
}
@book{lamport1986document,
    title={Document Preparation System},
    author={Lamport, Leslie},
    year={1986},
    publisher={Addison-Wesley Reading, MA}
}
@article{chen2005zhulu,
    title={著录文后参考文献的规则及注意事项},
    author={陈浩元},
    journal={编辑学报},
    volume={17},
    number={6},
    pages={413--415},
    year={2005}
}
@book{chu2004tushu,
    title={图书馆数字参考咨询服务研究},
    author={初景利},
    year={2004},
    address={北京},
    publisher={北京图书馆出版社}
}
@article{stamerjohanns2009mathml,
    title={{MathML}-aware article conversion from {LaTeX}},
    author={Stamerjohanns, Heinrich and Ginev, Deyan and David, Catalin and Misev, Dimitar and Zamdzhiev, Vladimir and Kohlhase, Michael},
    journal={Towards a Digital Mathematics Library},
    volume={16},
    number={2},
    pages={109--120},
    year={2009},
    publisher={Masaryk University Press}
}
%---------------------------------------------------------------------------%
%-                                                                         -%
%-                     my own refs                                         -%
%-                                                                         -%
%---------------------------------------------------------------------------%
@book{pacheco2011introduction,
  title={An introduction to parallel programming},
  author={Pacheco, Peter},
  year={2011},
  publisher={Elsevier}
}
@article{5688147, 
    title={Computing Performance: Game Over or Next Level?}, 
    author={S. H. Fuller and L. I. Millett}, 
    journal={Computer}, 
    volume={44}, 
    number={1}, 
    pages={31-38}, 
    year={2011}, 
    month={Jan}
}
@book{edwards2011arch,
    title={http://www.cs.columbia.edu/~sedwards/classes/2012/3827-spring/advanced-arch-2011.pdf},
    author={S. Edwards},
    year={2011},
    publisher={On-line Resources}
}
@book{liuwenzhi2015paraalgo,
    title={并行算法设计与性能优化},
    author={刘文志},
    year={2015},
    address={北京},
    publisher={机械工业出版社}
}
@article{hwu2008concurrency,
  title={The concurrency challenge},
  author={Hwu, Wen-mei and Keutzer, Kurt and Mattson, Timothy G},
  journal={IEEE Design \& Test of Computers},
  volume={25},
  number={4},
  year={2008},
  publisher={IEEE}
}
@incollection{cheatham1996bulk,
  title={Bulk synchronous parallel computing—a paradigm for transportable software},
  author={Cheatham, Thomas and Fahmy, Amr and Stefanescu, Dan and Valiant, Leslie},
  booktitle={Tools and Environments for Parallel and Distributed Systems},
  pages={61--76},
  year={1996},
  publisher={Springer}
}
@book{andrews2000foundations,
  title={Foundations of multithreaded, parallel, and distributed programming},
  author={Andrews, Gregory R},
  volume={11},
  year={2000},
  publisher={Addison-Wesley Reading}
}
@book{mattson2004patterns,
  title={Patterns for parallel programming},
  author={Mattson, Timothy G and Sanders, Beverly and Massingill, Berna},
  year={2004},
  publisher={Pearson Education}
}
@book{grama2003introduction,
  title={Introduction to parallel computing},
  author={Grama, Ananth},
  year={2003},
  publisher={Pearson Education}
}
@book{dongarra2003sourcebook,
  title={Sourcebook of parallel computing},
  author={Dongarra, Jack and Foster, Ian and Fox, Geoffrey and Gropp, William and Kennedy, Ken and Torczon, Linda and White, Andy},
  volume={3003},
  year={2003},
  publisher={Morgan Kaufmann Publishers San Francisco}
}
@book{openmp,
    title={http://www.openmp.org/},
    author={OpenMP-Group},
    year={2018},
    publisher={Online Resources}
}
@book{openmp2008spec3,
    title={http://www.openmp.org/wp-content/uploads/spec30.pdf},
    author={OpenMP-Group},
    year={2008},
    month={May},
    publisher={Online Resources}
}
@book{pacheco1997parallel,
  title={Parallel programming with MPI},
  author={Pacheco, Peter S},
  year={1997},
  publisher={Morgan Kaufmann}
}
@book{gropp1999using,
  title={Using MPI: portable parallel programming with the message-passing interface},
  author={Gropp, William and Lusk, Ewing and Skjellum, Anthony},
  volume={1},
  year={1999},
  publisher={MIT press}
}
@book{mpi2003mpi2,
    title={http://mpi-forum.org/docs/mpi-2.0/mpi2-report.pdf},
    author={Message-Passing-Interface-Forum},
    year={2003},
    month={Nov},
    publisher={Online Resources}
}
@book{sterling1995enabling,
  title={Enabling technologies for petaflops computing},
  author={Sterling, Thomas Lawrence and Messina, Paul C and Smith, Paul H},
  year={1995},
  publisher={MIT press}
}
@article{smith2001development,
  title={Development of mixed mode MPI/OpenMP applications},
  author={Smith, Lorna and Bull, Mark},
  journal={Scientific Programming},
  volume={9},
  number={2-3},
  pages={83--98},
  year={2001},
  publisher={Hindawi}
}
@inproceedings{rabenseifner2003hybrid,
  title={Hybrid parallel programming on HPC platforms},
  author={Rabenseifner, Rolf},
  booktitle={proceedings of the Fifth European Workshop on OpenMP, EWOMP},
  volume={3},
  pages={185--194},
  year={2003}
}
@inproceedings{estrade2009hybrid,
  title={Hybrid programming with MPI and OpenMP},
  author={Estrade, B},
  booktitle={High Performance Computing Workshop},
  year={2009}
}
@article{bova1999combining,
  title={Combining message-passing and directives in parallel applications},
  author={Bova, Steve and Breshears, Clay and Eigenmann, Rudolf and Gabb, Henry and Gaertner, Greg and Kuhn, Bob and Magro, Bill and Salvini, Stefano and Vatsa, Veer},
  journal={SIAM News},
  volume={32},
  number={9},
  pages={10--14},
  year={1999}
}
@inproceedings{bush2000mixed,
  title={Mixed openmp and mpi for parallel fortran applications},
  author={Bush, IJ and Noble, CJ and Allan, RJ},
  booktitle={European Workshop on OpenMP (EWOMP2000)},
  year={2000}
}
@inproceedings{luong2001coastal,
  title={Coastal ocean modeling of the US west coast with multiblock grid and dual-level parallelism},
  author={Luong, Phu and Breshears, Clay P and Ly, Le N},
  booktitle={Proceedings of the 2001 ACM/IEEE conference on Supercomputing},
  pages={9--9},
  year={2001},
  organization={ACM}
}
@inproceedings{loft2001terascale,
  title={Terascale spectral element dynamical core for atmospheric general circulation models},
  author={Loft, Richard D and Thomas, Stephen J and Dennis, John M},
  booktitle={Supercomputing, Acm/ieee 2001 Conference},
  pages={26--26},
  year={2001},
  organization={Ieee}
}
@article{nakajima2005parallel,
  title={Parallel iterative solvers for finite-element methods using an OpenMP/MPI hybrid programming model on the Earth Simulator},
  author={Nakajima, Kengo},
  journal={Parallel Computing},
  volume={31},
  number={10-12},
  pages={1048--1065},
  year={2005},
  publisher={Elsevier}
}
@article{aversa2005performance,
  title={Performance prediction through simulation of a hybrid MPI/OpenMP application},
  author={Aversa, Rocco and Di Martino, Beniamino and Rak, Massimiliano and Venticinque, Salvatore and Villano, Umberto},
  journal={Parallel Computing},
  volume={31},
  number={10-12},
  pages={1013--1033},
  year={2005},
  publisher={Elsevier}
}
@inproceedings{cappello2000mpi,
  title={MPI versus MPI+ OpenMP on the IBM SP for the NAS Benchmarks},
  author={Cappello, Franck and Etiemble, Daniel},
  booktitle={Supercomputing, ACM/IEEE 2000 Conference},
  pages={12--12},
  year={2000},
  organization={IEEE}
}
@article{duthie2004mixed,
  title={Mixed mode applications on hpcx},
  author={Duthie, Jake and Bull, Mark and Trew, Arthur and Smith, Lorna},
  year={2004},
  publisher={HPCxTR0403}
}
@article{smith2000mixed,
  title={Mixed mode MPI/OpenMP programming},
  author={Smith, LA},
  journal={UK High-End Computing Technology Report},
  pages={1--25},
  year={2000}
}
@inproceedings{henty2000performance,
  title={Performance of hybrid message-passing and shared-memory parallelism for discrete element modeling},
  author={Henty, David S},
  booktitle={Supercomputing, ACM/IEEE 2000 Conference},
  pages={10--10},
  year={2000},
  organization={IEEE}
}
@article{chow2001assessing,
  title={Assessing performance of hybrid MPI/OpenMP programs on SMP clusters},
  author={Chow, Edmond and Hysom, David},
  journal={Lawrence Livermore National Laboratory, Tech. Rep. UCRL-JC-143957},
  year={2001}
}
@inproceedings{protic1995survey,
  title={A survey of distributed shared memory systems},
  author={Protic, Jelica and Tomasevic, Milo and Milutinovic, Veljko},
  booktitle={System Sciences, 1995. Proceedings of the Twenty-Eighth Hawaii International Conference on},
  volume={1},
  pages={74--84},
  year={1995},
  organization={IEEE}
}
@inproceedings{coarfa2005evaluation,
  title={An evaluation of global address space languages: co-array fortran and unified parallel C},
  author={Coarfa, Cristian and Dotsenko, Yuri and Mellor-Crummey, John and Cantonnet, Fran{\c{c}}ois and El-Ghazawi, Tarek and Mohanti, Ashrujit and Yao, Yiyi and Chavarr{\'\i}a-Miranda, Daniel},
  booktitle={Proceedings of the tenth ACM SIGPLAN symposium on Principles and practice of parallel programming},
  pages={36--47},
  year={2005},
  organization={ACM}
}
@inproceedings{saraswat2010asynchronous,
  title={The asynchronous partitioned global address space model},
  author={Saraswat, Vijay and Almasi, George and Bikshandi, Ganesh and Cascaval, Calin and Cunningham, David and Grove, David and Kodali, Sreedhar and Peshansky, Igor and Tardieu, Olivier},
  booktitle={The First Workshop on Advances in Message Passing},
  pages={1--8},
  year={2010}
}
@book{gasnet,
    title={http://gasnet.lbl.gov/},
    author={GASNet-Communication-System},
    year={2018},
    publisher={Online Resources}
}
@book{mainwaring1995active,
  title={Active messages: Organization and applications programming interface},
  author={Mainwaring, Alan M and Culler, David E},
  year={1995}
}
@inproceedings{nieplocha1999armci,
  title={ARMCI: A portable remote memory copy library for distributed array libraries and compiler run-time systems},
  author={Nieplocha, Jarek and Carpenter, Bryan},
  booktitle={International Parallel Processing Symposium},
  pages={533--546},
  year={1999},
  organization={Springer}
}
@book{kelp,
    title={http://cseweb.ucsd.edu/groups/hpcl/scg/kelp.html},
    author={The-KeLP-Programming-System},
    year={2018},
    publisher={Online Resources}
}
@article{fink1998efficient,
  title={Efficient run-time support for irregular block-structured applications},
  author={Fink, Stephen J and Baden, Scott B and Kohn, Scott R},
  journal={Journal of Parallel and Distributed Computing},
  volume={50},
  number={1-2},
  pages={61--82},
  year={1998},
  publisher={Elsevier}
}
@book{upc,
    title={http://upc.gwu.edu/},
    author={Unified-Parallel-C},
    year={2018},
    publisher={Online Resources}
}
@inproceedings{numrich2005co,
  title={Co-arrays in the next Fortran Standard},
  author={Numrich, Robert W and Reid, John},
  booktitle={ACM SIGPLAN Fortran Forum},
  volume={24},
  number={2},
  pages={4--17},
  year={2005},
  organization={ACM}
}
@book{titanium,
    title={http://titanium.cs.berkeley.edu/},
    author={Titanium-Project},
    year={2018},
    publisher={Online Resources}
}
@book{chapel,
    title={https://chapel-lang.org/},
    author={Chapel},
    year={2018},
    publisher={Online Resources}
}
@inproceedings{dennis1974data,
  title={Data flow schemas},
  author={Dennis, Jack B and Fosseen, John B and Linderman, John P},
  booktitle={International Symposium on Theoretical Programming},
  pages={187--216},
  year={1974},
  organization={Springer}
}
@book{storm,
    title={http://storm.apache.org/},
    author={Storm},
    year={2018},
    publisher={Online Resources}
}
@book{samza,
    title={http://samza.apache.org/},
    author={Samza},
    year={2018},
    publisher={Online Resources}
}
@article{augonnet2011starpu,
  title={StarPU: a unified platform for task scheduling on heterogeneous multicore architectures},
  author={Augonnet, C{\'e}dric and Thibault, Samuel and Namyst, Raymond and Wacrenier, Pierre-Andr{\'e}},
  journal={Concurrency and Computation: Practice and Experience},
  volume={23},
  number={2},
  pages={187--198},
  year={2011},
  publisher={Wiley Online Library}
}
@book{jstorm,
    title={http://jstorm.io/},
    author={JStorm},
    year={2018},
    publisher={Online Resources}
}
@article{Ling:2000:AOT:346152.346320,
 author = {Ling, Yibei and Mullen, Tracy and Lin, Xiaola},
 title = {Analysis of Optimal Thread Pool Size},
 journal = {SIGOPS Oper. Syst. Rev.},
 issue_date = {April, 2000},
 volume = {34},
 number = {2},
 month = apr,
 year = {2000},
 issn = {0163-5980},
 pages = {42--55},
 numpages = {14},
 acmid = {346320},
 publisher = {ACM},
 address = {New York, NY, USA},
}
@inproceedings{grunewald2013gaspi,
  title={The GASPI API specification and its implementation GPI 2.0},
  author={Gr{\"u}newald, Daniel and Simmendinger, Christian},
  booktitle={7th International Conference on PGAS Programming Models},
  volume={243},
  year={2013}
}
@inproceedings{zheng2014upc++,
  title={UPC++: a PGAS extension for C++},
  author={Zheng, Yili and Kamil, Amir and Driscoll, Michael B and Shan, Hongzhang and Yelick, Katherine},
  booktitle={Parallel and Distributed Processing Symposium, 2014 IEEE 28th International},
  pages={1105--1114},
  year={2014},
  organization={IEEE}
}
@inproceedings{furlinger2016dash,
  title={DASH: a C++ PGAS library for distributed data structures and parallel algorithms},
  author={F{\"u}rlinger, Karl and Fuchs, Tobias and Kowalewski, Roger},
  booktitle={High Performance Computing and Communications; IEEE 14th International Conference on Smart City; IEEE 2nd International Conference on Data Science and Systems (HPCC/SmartCity/DSS), 2016 IEEE 18th International Conference on},
  pages={983--990},
  year={2016},
  organization={IEEE}
}
@inproceedings{furlinger2018investigating,
  title={Investigating the performance and productivity of DASH using the Cowichan problems},
  author={F{\"u}rlinger, Karl and Kowalewski, Roger and Fuchs, Tobias and Lehmann, Benedikt},
  booktitle={Proceedings of Workshops of HPC Asia},
  pages={11--20},
  year={2018},
  organization={ACM}
}
@article{wu2008insar,
  title={多基线距 DInSAR 技术反演城市地表缓慢形变},
  author={吴涛 and 张红 and 王超 and 汤益先 and 吴宏安 and others},
  journal={科学通报},
  volume={53},
  number={15},
  pages={1849--1857},
  year={2008}
}
@article{graham2004gprof,
  title={Gprof: A call graph execution profiler},
  author={Graham, Susan L and Kessler, Peter B and McKusick, Marshall K},
  journal={ACM SIGPLAN Notices},
  volume={39},
  number={4},
  pages={49--57},
  year={2004},
  publisher={ACM}
}
%---------------------------------------------------------------------------%















